
@online{karte_abschaltungen,
  author       = {Bundesministerium für Umwelt, Naturschutz, Bau und Reaktorsicherheit},
  title        = {Atomkraftwerke in Deutschland},
  year         = {2017},
  url          = {http://www.bmub.bund.de/themen/atomenergie-strahlenschutz/nukleare-sicherheit/aufsicht-ueber-kernkraftwerke/kernkraftwerke-in-deutschland/},
  version = {28.12.2017}
}

@online{artikel_stilllegung,
  author       = {Bundesministerium für Umwelt, Naturschutz, Bau und Reaktorsicherheit},
  title        = {Stilllegung kerntechnischer Anlagen},
  year         = {2017},
  url          = {http://www.bmub.bund.de/themen/atomenergie-strahlenschutz/nukleare-sicherheit/stilllegung/},
  version = {28.12.2017}
}

@article{stilllegung_grs,
  author       = {Gesellschaft für Anlagen- und Reaktorsicherheit (GRS) mbH},
  title        = {Stilllegung kerntechnischer Anlagen},
  year         = {2012},
  url          = {https://www.grs.de/sites/default/files/pdf/GRS-S-50.pdf},
  ISBN = { 978-3-939355-69-4},
  version = {28.12.2017}
}

@online{greenpeace,
  author       = {Greenpeace},
  title        = {AKW-RÜCKBAU - DIE ALTLAST DES NUKLEAREN WAHNS},
  url          = {https://www.greenpeace.de/themen/energiewende-atomkraft/atomkraftwerke/akw-rueckbau-die-altlast-des-nuklearen-wahns},
  version = {28.12.2017}
}
