@book{nano,
author = "Michael J. Serpe, Youngjong Kang, Qiang Matthew Zhang",
title = "Photonic Materials for Sensering, Biosensing and Display Devices",
publisher="Springer Series in Material Science",
year = "2016",
volume="229",
ISBN="978-3-319-24988-9"
}

@online{photonic,
  author       = {Hadi Shafiee and more},
  title        = {Nanostructured Optical Photonic Crystal Biosensor for HIV Viral Load Measurment },
  year         = {2014},
  url          = {https://www.ncbi.nlm.nih.gov/pmc/articles/PMC3937800/},
  version = {16.11.2017}
}

@online{viren_detecting,
title= {Virologische Diagnostik},
year = {2017},
url={https://de.wikipedia.org/wiki/Virologische_Diagnostik},
version = {17.11.2017}
}

@online{photonic_wiki,
title= {Photonic crystal},
year = {2017},
url={https://en.wikipedia.org/wiki/Photonic_crystal},
version = {17.11.2017}
}

@book{intro_pho,
author ={Sukhoivanov, Igor A., Guryev, Igor V.},
title ={Photonic Crystals},
publisher="Springer Series in Material Science",
year = "2009",
isbn="978-3-642-02645-4"
}

@online{virus,
title= {Negatively stained bluetongue virusâ€“like particle that caused a cytopathic effect in BHK-21 cells. Scale bar = 50 nm},
year = {2007},
url={https://de.wikipedia.org/wiki/Datei:Bluetongue_virus.gif},
version = {26.12.2017}
}

@online{test_Structure,
title= {Selective Virus Detection in Complex Sample Matrices with Photonic Crystal Optical Cavities},
year = {2013},
url={https://www.ncbi.nlm.nih.gov/pmc/articles/PMC3596473/},
version = {26.12.2017}
}

test_Structure
